<?xml version='1.0' encoding='utf-8'?>
<record xmlns="http://www.loc.gov/MARC21/slim" xmlns:xsi="http://www.w3.org/2001/XMLSchema-instance">
  <leader>00000njm^a2200481^a^4500</leader>
  <controlfield tag="001">003493865</controlfield>
  <controlfield tag="005">20101223113412.0</controlfield>
  <controlfield tag="007">sd^fungnn---eu</controlfield>
  <controlfield tag="008">000724s1998^^^^miumun^^^fi^^^^^^^^^^^^^d</controlfield>
  <datafield tag="024" ind1="1" ind2=" ">
    <subfield code="a">765481800128</subfield>
  </datafield>
  <datafield tag="028" ind1="0" ind2="2">
    <subfield code="a">UMC1001</subfield>
    <subfield code="b">University of Michigan</subfield>
  </datafield>
  <datafield tag="035" ind1=" " ind2=" ">
    <subfield code="a">(OCoLC)ocm40719359</subfield>
  </datafield>
  <datafield tag="040" ind1=" " ind2=" ">
    <subfield code="a">EYH</subfield>
    <subfield code="c">EYH</subfield>
    <subfield code="d">EYM</subfield>
    <subfield code="d">MiU</subfield>
  </datafield>
  <datafield tag="245" ind1="0" ind2="0">
    <subfield code="a">True blue</subfield>
    <subfield code="h">[sound recording] :</subfield>
    <subfield code="b">music performed on the carillons of the University of Michigan.</subfield>
  </datafield>
  <datafield tag="246" ind1="3" ind2="0">
    <subfield code="a">Music performed on the carillons of the University of Michigan</subfield>
  </datafield>
  <datafield tag="260" ind1=" " ind2=" ">
    <subfield code="a">Ann Arbor, Mich. :</subfield>
    <subfield code="b">University of Michigan,</subfield>
    <subfield code="c">[1998]</subfield>
  </datafield>
  <datafield tag="300" ind1=" " ind2=" ">
    <subfield code="a">1 sound disc :</subfield>
    <subfield code="b">digital ;</subfield>
    <subfield code="c">4 3/4 in.</subfield>
  </datafield>
  <datafield tag="511" ind1="0" ind2=" ">
    <subfield code="a">Margo Halsted, Richard Giszczak, Patrick Macoska, Ray McLellan, Judy Ogden, Erven Thoma, Bram van Leer, carilloneurs.</subfield>
  </datafield>
  <datafield tag="500" ind1=" " ind2=" ">
    <subfield code="a">Compact disc.</subfield>
  </datafield>
  <datafield tag="505" ind1="0" ind2=" ">
    <subfield code="a">Prelude V / Mathias van den Gheyn -- Serenade II: Flamenco / Ronald Barnes -- Serenade I: Sicilienne / Ronald Barnes -- True blue / Chip Davis -- Passacaglia / Jos Lerinckx -- Changes / Gary White -- Muss I denn (Swabian folk song) -- A hunting we will go (English folk song) -- Auprés de ma blonde (French folk song) -- Jesu, joy of man's desiring / J. S. Bach -- Fanfare en rondeau / Jean-Joseph Mouret -- Improvisation / Bram van Leer -- Abdelazer: Rondeau / Purcell -- Prelude for piano / Isaac Albéniz -- The stars and stripes forever / John Philip Sousa -- The victors / Louis Elbel.</subfield>
  </datafield>
  <datafield tag="650" ind1=" " ind2="0">
    <subfield code="a">Carillon music.</subfield>
  </datafield>
  <datafield tag="650" ind1=" " ind2="0">
    <subfield code="a">Carillon music, Arranged.</subfield>
  </datafield>
  <datafield tag="700" ind1="1" ind2=" ">
    <subfield code="a">Halsted, Margo.</subfield>
    <subfield code="4">prf</subfield>
  </datafield>
  <datafield tag="700" ind1="1" ind2=" ">
    <subfield code="a">Giszczak, Richard J.</subfield>
    <subfield code="4">prf</subfield>
  </datafield>
  <datafield tag="700" ind1="1" ind2=" ">
    <subfield code="a">Macoska, Patrick.</subfield>
    <subfield code="4">prf</subfield>
  </datafield>
  <datafield tag="700" ind1="1" ind2=" ">
    <subfield code="a">McLellan, Ray.</subfield>
    <subfield code="4">prf</subfield>
  </datafield>
  <datafield tag="700" ind1="1" ind2=" ">
    <subfield code="a">Ogden, Judy S.</subfield>
    <subfield code="4">prf</subfield>
  </datafield>
  <datafield tag="700" ind1="1" ind2=" ">
    <subfield code="a">Thoma, Erven.</subfield>
    <subfield code="4">prf</subfield>
  </datafield>
  <datafield tag="700" ind1="1" ind2=" ">
    <subfield code="a">Leer, Bram van.</subfield>
    <subfield code="4">prf</subfield>
  </datafield>
  <datafield tag="700" ind1="1" ind2="2">
    <subfield code="a">Gheyn, Matthias van den,</subfield>
    <subfield code="d">1721-1785.</subfield>
    <subfield code="t">Preludes,</subfield>
    <subfield code="m">carillon,</subfield>
    <subfield code="n">no. 5,</subfield>
    <subfield code="r">D minor.</subfield>
  </datafield>
  <datafield tag="700" ind1="1" ind2="2">
    <subfield code="a">Barnes, Ronald,</subfield>
    <subfield code="d">1927-1997.</subfield>
    <subfield code="t">Serenades,</subfield>
    <subfield code="m">carillon,</subfield>
    <subfield code="n">no. 2.</subfield>
    <subfield code="p">Flamenco.</subfield>
  </datafield>
  <datafield tag="700" ind1="1" ind2="2">
    <subfield code="a">Barnes, Ronald,</subfield>
    <subfield code="d">1927-1997.</subfield>
    <subfield code="t">Serenades,</subfield>
    <subfield code="m">carillon,</subfield>
    <subfield code="n">no. 1.</subfield>
    <subfield code="p">Sicilienne.</subfield>
  </datafield>
  <datafield tag="700" ind1="1" ind2="2">
    <subfield code="a">Davis, Chip.</subfield>
    <subfield code="t">True blue.</subfield>
  </datafield>
  <datafield tag="700" ind1="1" ind2="2">
    <subfield code="a">Lerinckx, Jos,</subfield>
    <subfield code="d">1920-</subfield>
    <subfield code="t">Passacaglia,</subfield>
    <subfield code="m">carillon.</subfield>
  </datafield>
  <datafield tag="700" ind1="1" ind2="2">
    <subfield code="a">White, Gary C.,</subfield>
    <subfield code="d">1937-</subfield>
    <subfield code="t">Changes.</subfield>
  </datafield>
  <datafield tag="700" ind1="1" ind2="2">
    <subfield code="a">Bach, Johann Sebastian,</subfield>
    <subfield code="d">1685-1750.</subfield>
    <subfield code="t">Herz und Mund und Tat und Leben,</subfield>
    <subfield code="n">BWV 147.</subfield>
    <subfield code="p">Jesus bleibet meine Freude;</subfield>
    <subfield code="o">arr.</subfield>
  </datafield>
  <datafield tag="700" ind1="1" ind2="2">
    <subfield code="a">Mouret, Jean-Joseph,</subfield>
    <subfield code="d">1682-1738.</subfield>
    <subfield code="t">Fanfares avec une suitte de simphonies.</subfield>
    <subfield code="n">No 1.</subfield>
    <subfield code="p">Rondeau;</subfield>
    <subfield code="o">arr.</subfield>
  </datafield>
  <datafield tag="700" ind1="1" ind2="2">
    <subfield code="a">Purcell, Henry,</subfield>
    <subfield code="d">1659-1695.</subfield>
    <subfield code="t">Abdelazer.</subfield>
    <subfield code="p">Rondeau;</subfield>
    <subfield code="o">arr.</subfield>
  </datafield>
  <datafield tag="700" ind1="1" ind2="2">
    <subfield code="a">Sousa, John Philip,</subfield>
    <subfield code="d">1854-1932.</subfield>
    <subfield code="t">Stars and stripes forever;</subfield>
    <subfield code="o">arr.</subfield>
  </datafield>
  <datafield tag="700" ind1="1" ind2="2">
    <subfield code="a">Elbel, Louis.</subfield>
    <subfield code="t">Victors;</subfield>
    <subfield code="o">arr.</subfield>
  </datafield>
  <datafield tag="852" ind1="8" ind2=" ">
    <subfield code="a">MiU-H</subfield>
    <subfield code="b">BENT</subfield>
    <subfield code="h">2010231 Aa 2</subfield>
  </datafield>
  <datafield tag="997" ind1=" " ind2=" ">
    <subfield code="a">MARS</subfield>
  </datafield>
  <datafield tag="998" ind1=" " ind2=" ">
    <subfield code="c">rju</subfield>
  </datafield>
  <datafield tag="955" ind1=" " ind2=" ">
    <subfield code="b">BENT</subfield>
    <subfield code="p">B4482306</subfield>
  </datafield>
</record>
